@online{pylinac, title="Pylinac", url="https://pylinac.readthedocs.io/en/release-v3.25.0/", year="2024", urldate="2024-08-05"}

@online{DICOM_spec_intro, title="DICOM specification - Introduction and Overview", url="https://dicom.nema.org/medical/dicom/current/output/chtml/part01/chapter_1.html", year="2024", urldate="2024-08-05"}

@online{DICOM_spec_file, title="DICOM specification - DICOM File", url="https://dicom.nema.org/medical/dicom/current/output/html/part12.html#sect_K.1.2", year="2024", urldate="2024-08-05"}

@online{DICOM_spec_display, title="Digital Imaging and Communications in Medicine (DICOM) Part 14: Grayscale Standard Display Function", url="https://dicom.nema.org/Dicom/2011/11_14pu.pdf", year="2011", urldate="2024-08-05"}

@book{russell_norvig_2020,  title={Artificial Intelligence: A Modern Approach},  author={Russell, Stuart and Norvig, Peter},  publisher={Pearson}, year={2021}}

@book{klette_2014,  title={Concise Computer Vision},  DOI={10.1007/978-1-4471-6320-6},  publisher={Springer London},  author={Klette, Reinhard},  year={2014}}

@book{digital_image_processing,
author = {Gonzalez, Rafael C. and Woods, Richard E.},
title = {Digital Image Processing (3rd Edition)},
year = {2006},
isbn = {013168728X},
publisher = {Prentice-Hall, Inc.},
address = {USA}
}

@book{Digital_Image_Processing_2,
author = {Umbaugh, Scott E.},
title = {Digital Image Processing and Analysis: Human and Computer Vision Applications with CVIPtools, Second Edition},
year = {2010},
isbn = {143980205X},
publisher = {CRC Press, Inc.},
address = {USA},
edition = {2nd},
}

@article{sobel_article,
author = {Sobel, Irwin},
year = {2014},
month = {02},
pages = {},
title = {An Isotropic 3x3 Image Gradient Operator},
journal = {Presentation at Stanford A.I. Project 1968}
}

@book{morphology_book,
author = {Soille, Pierre},
title = {Morphological Image Analysis: Principles and Applications},
year = {2004},
isbn = {978-3-662-05088-0},
publisher = {Springer-Verlag},
address = {Berlin, Heidelberg},
edition = {2},
}

@book{digital_photography,
author = {Johnson, Stephen},
title = {Stephen Johnson on Digital Photography},
year = {2006},
isbn = {059652370X},
publisher = {O'Reilly Media, Inc.},
}

@book{colour_photography,
author = {Hirsch, Robert},
title = {Exploring Colour Photography : A Complete Guide},
year = {2005},
publisher = {Laurence King, London},
}

@book{abeloff_clinical_oncology,
    author = {Egner, James R.},
    title = "{Abeloff’s Clinical Oncology}",
    journal = {JAMA},
    volume = {303},
    number = {11},
    pages = {1097-1097},
    year = {2010},
    month = {03},
    issn = {0098-7484},
    doi = {10.1001/jama.2010.288},
    url = {https://doi.org/10.1001/jama.2010.288},
    eprint = {https://jamanetwork.com/journals/jama/articlepdf/185518/jbk0317\_1097\_1097.pdf},
    publisher = {Elsevier}
}

@online{pylinac_cax, title="Pylinac documentation: Winston-Lutz module overview, v3.32", url="https://pylinac.readthedocs.io/en/release-v3.25.0/winston_lutz.html#module-pylinac.winston_lutz", year="2024", urldate="2024-08-10"}

@online{pylinac_wl_algorithm, title="Pylinac documentation: Winston-Lutz module overview, v3.32", url="https://pylinac.readthedocs.io/en/release-v3.23/winston_lutz.html#algorithm", year="2024", urldate="2024-08-14"}

@online{iec_61217, title="DICOM coordinate system definition", url="https://dicom.nema.org/medical/dicom/current/output/chtml/part03/sect_c.8.8.25.6.html"}

@article{wl_test_setup,
author = {Du, Weiliang and Johnson, Jennifer and Jiang, Wei and Kudchadker, Rajat},
year = {2016},
month = {02},
pages = {5792},
title = {On the selection of gantry and collimator angles for isocenter localization using Winston-Lutz tests},
volume = {17},
journal = {Journal of applied clinical medical physics / American College of Medical Physics},
doi = {10.1120/jacmp.v17i1.5792},
}

@article {wl_og,
	Title = {A system for stereotactic radiosurgery with a linear accelerator},
	Author = {Lutz, W and Winston, KR and Maleki, N},
	DOI = {10.1016/0360-3016(88)90446-4},
	Number = {2},
	Volume = {14},
	Month = {2},
	Year = {1988},
	Journal = {International journal of radiation oncology, biology, physics},
	ISSN = {0360-3016},
	Pages = {373—381},
	URL = {https://doi.org/10.1016/0360-3016(88)90446-4},
}

@article{wl_2,
author = {Rowshanfarzad, Pejman and Sabet, Mahsheed and O'Connor, John and Greer, Peter},
year = {2011},
month = {11},
pages = {3645},
title = {Isocenter verification for linac-based stereotactic radiation therapy: Review of principles and techniques},
volume = {12},
journal = {Journal of applied clinical medical physics / American College of Medical Physics},
doi = {10.1120/jacmp.v12i4.3645}
}

@article{winkler_et_al,
doi = {10.1088/0031-9155/48/9/303},
url = {https://dx.doi.org/10.1088/0031-9155/48/9/303},
year = {2003},
month = {4},
publisher = {},
volume = {48},
number = {9},
pages = {1123},
author = {Peter Winkler and  Helmar Bergmann and  Georg Stuecklschweiger and  Helmuth Guss},
title = {Introducing a system for automated control of rotation axes, collimator and laser adjustment for a medical linear accelerator},
journal = {Physics in Medicine \& Biology},
}

@article{low_et_al,
doi = {10.1118/1.597475},
url = {https://doi.org/10.1118/1.597475},
year = {1995},
month = {4},
author = {Daniel A. Low, Zuofeng Li, Robert E. Drzymala},
title = {Minimization of target positioning error in accelerator-based radiosurgery},
journal = {Medical Physics},
volume = {22},
issue = {4},
}

@online{du_et_al, title="Du et al", url="http://scitation.aip.org/content/aapm/journal/medphys/37/5/10.1118/1.3397452"}

@online{inversion_matlab, title="Matlab Help Center: Image Inversion", url="https://www.mathworks.com/help/ecoder/beaglebone/ref/image-inversion.html", year="2024", urldate="2024-08-17"}

@online{geeks_for_geeks_blob_detection, title="Blob Detection Using OpenCV", url="https://www.geeksforgeeks.org/blob-detection-using-opencv/", year="2024", urldate="2024-08-17"}

@online{future_of_web_apps_2024, title="Web Application Development: Trends and Facts for 2024", url="https://www.geeksforgeeks.org/blob-detection-using-opencv/", year="2024", urldate="2024-08-17"}

@online{aws_web_app, title="What is a Web Application?", url="https://aws.amazon.com/what-is/web-application/", year="2023", urldate="2024-08-17"}

@online{restful_api, title="RESTful API", url="https://www.techtarget.com/searchapparchitecture/definition/RESTful-API", year="2024", urldate="2024-08-18"}

@online{open_source, title="The Open Source Definition", url="https://opensource.org/osd", year="2024", urldate="2024-08-18"}

@online{html, title="HTML basics", url="https://developer.mozilla.org/en-US/docs/Learn/Getting_started_with_the_web/HTML_basics", year="2024", urldate="2024-08-19"}

@online{typescript, title="TypeScript for the New Programmer", url="https://www.typescriptlang.org/docs/handbook/typescript-from-scratch.html", urldate="2024-08-19"}

@online{front_101, title="Coding for Web Design 101: How HTML, CSS, and JavaScript Work", url="https://blog.hubspot.com/marketing/web-design-html-css-javascript", urldate="2024-08-19"}

@online{react_dev, title="React, The library for web and native user interfaces", url="https://react.dev/", urldate="2024-08-19"}

@online{react_router, title="React Router Feature Overview", url="https://reactrouter.com/en/main/start/overview", urldate="2024-08-19"}

@online{axios, title="Axios vs. Fetch API: Selecting the Right Tool for HTTP Requests", url="https://medium.com/@johnnyJK/axios-vs-fetch-api-selecting-the-right-tool-for-http-requests-ecb14e39e285", urldate="2024-08-19"}

@online{tanstack_query, title="TanStack Query", url="https://tanstack.com/query/v5", urldate="2024-08-19"}

@online{tailwind, title="Tailwind: Rapidly build modern websites without ever leaving your HTML", url="https://tailwindcss.com/", urldate="2024-08-19"}

@online{daisyUI, title="DaisyUI: The most popular component library for Tailwind CSS", url="https://daisyui.com/", urldate="2024-08-19"}

@online{python, title="What is Python? Executive Summary", url="https://www.python.org/doc/essays/blurb/", urldate="2024-08-19"}

@online{django, title="Django the web framework for perfectionists with deadlines", url="https://www.djangoproject.com/", urldate="2024-08-19"}

@online{drf, title="Django REST framework", url="https://www.django-rest-framework.org/", urldate="2024-08-19"}

@online{openCV, title="OpenCV", url="https://opencv.org/", urldate="2024-08-19"}

@online{true_beam, title="Varian TrueBeam", url="https://www.varian.com/products/radiotherapy/treatment-delivery/truebeam", urldate="2024-08-21"}

@online{pylinac_benchmarking, title="Pylinac Benchmarking Algorithm", url="https://pylinac.readthedocs.io/en/release-v3.23/winston_lutz.html#offset-bb", urldate="2024-08-27"}

@online{pylinac_wl_demo, title="Pylinac W-L test demo", url="https://pylinac.readthedocs.io/en/release-v3.23/winston_lutz.html#running-the-demo", urldate="2024-08-28"}

@online{what_is_ui, title="What is a user interface (UI)?", url="https://www.techtarget.com/searchapparchitecture/definition/user-interface-UI", urldate="2024-09-02"}

@online{how_linac_work, title="How does the Linear Accelerator work?", url="https://www.radiologyinfo.org/en/info/linac", urldate="2024-09-05"}
