@misc{convolution_animation,
    author = {Michael Plotke},
    note = {Own work, CC BY-SA 3.0},
    howpublished = {\url{https://commons.wikimedia.org/w/index.php?curid=24288958}}
}

@misc{sobel_example_before,
    author = {Simpsons},
    note = {CC BY-SA 3.0},
    howpublished = {\url{https://commons.wikimedia.org/w/index.php?curid=8904364}}
}

@misc{sobel_example_after,
    author = {Simpsons},
    note = {CC BY-SA 3.0},
    howpublished = {\url{https://commons.wikimedia.org/w/index.php?curid=8904663}}
}

@misc{erosion,
    author = {Renatokeshet},
    note = {CC BY-SA 2.0},
    howpublished = {\url{https://commons.wikimedia.org/w/index.php?curid=14661158}}
}

@misc{dilation,
    author = {Renatokeshet},
    note = {Public Domain},
    howpublished = {\url{https://commons.wikimedia.org/w/index.php?curid=14661947}}
}

@misc{adaptive_thresholding,
    author = {OpenCV Documentation},
    note = {Apache 2 Licence},
    howpublished = {\url{https://docs.opencv.org/4.10.0/d7/d4d/tutorial_py_thresholding.html}}
}

@misc{agh_logo,
    author = {AGH},
    howpublished = {\url{https://www.agh.edu.pl/o-agh/multimedia/znak-graficzny-agh/znak-graficzny-bez-nazwy}}
}

@article{wl_test_setup_image,
author = {Du, Weiliang and Johnson, Jennifer and Jiang, Wei and Kudchadker, Rajat},
year = {2016},
month = {02},
pages = {5792},
title = {On the selection of gantry and collimator angles for isocenter localization using Winston-Lutz tests},
volume = {17},
journal = {Journal of applied clinical medical physics / American College of Medical Physics},
doi = {10.1120/jacmp.v17i1.5792},
licence = {Creative Commons Attribution 3.0 Unported}
}

@misc{pylinac_images,
    author = {Pylinac source code},
    note = {MIT License: Copyright (c) 2014-2022 James Kerns

Permission is hereby granted, free of charge, to any person obtaining a copy of this software and associated
documentation files (the "Software"), to deal in the Software without restriction, including without limitation
the rights to use, copy, modify, merge, publish, distribute, sublicense, and/or sell copies of the Software,
and to permit persons to whom the Software is furnished to do so, subject to the following conditions:

The above copyright notice and this permission notice shall be included in all copies or substantial portions
of the Software.

},
    howpublished = {\url{https://github.com/jrkerns/pylinac/blob/release-v3.25.0/docs/source/images}}
}