@INPROCEEDINGS{870374,

  author={Eccles, J.S. and Dickerson, J.A. and Junqing Shao},

  booktitle={Proceedings of the 2000 Congress on Evolutionary Computation. CEC00 (Cat. No.00TH8512)}, 

  title={Evolving a virtual ecosystem with genetic algorithms}, 

  year={2000},

  volume={1},

  number={},

  pages={753-760 vol.1},

  doi={10.1109/CEC.2000.870374}}

@misc{MLAgents_glossary, title={ML-Agents Toolkit Glossary}, key={ML-Agents_Toolkit_Glossary}, howpublished = {\url{https://github.com/Unity-Technologies/ml-agents/blob/main/docs/Glossary.md}}} 

@misc{UnityGlossary, title={Unity Glossary}, key={Unity-glossary}, howpublished = {\url{https://docs.unity3d.com/Manual/Glossary.html}}} 

@misc{MLAgentsSensors, title={ML-Agents Observations ans Sensors}, key={mlagents-sensors}, howpublished = {\url{https://github.com/Unity-Technologies/ml-agents/blob/main/docs/Learning-Environment-Design-Agents.md}}} 

@misc{TensorboardTool, title={Tensorboard Tool}, key={tensorboard-tool}, howpublished = {\url{https://github.com/Unity-Technologies/ml-agents/blob/main/docs/Using-Tensorboard.md}}} 

@misc{MLAgentsParameterDescription, title={ML-Agents Toolkig configuration file description}, key={Unity-param-desc}, howpublished = {\url{https://github.com/Unity-Technologies/ml-agents/blob/main/docs/Training-Configuration-File.md}}} 

@misc{SimulationsResults, title={Simulations results}, key={simulations-results}, howpublished = {\url{https://github.com/kerdamon/Engineering-Thesis-Simulating-Ecosystem/tree/simulation/EcosystemSimulation/SimulationResults}}} 

@book{Hall_Day_1977, place={Niwot, CO}, title={Ecosystem modelling in theory and practice: An introduction with case histories}, note = {ISBN: 9780870812163}, ISBN={9780870812163}, publisher={University of Colorado, Department of Fine Arts}, author={Hall, Charles and Day, John W.}, year={1977} }

@misc{Lotka_Volterra_dynamics, author={AspidistraK}, note = {Own work, CC BY-SA 4.0}, howpublished={\url{https://commons.wikimedia.org/w/index.php?curid=56484640}}}

@misc{lotka_volterra_wiki, title={Lotka-Volterra equations}, key={lotka_volterra_wiki}, howpublished = {\url{https://en.wikipedia.org/wiki/Lotkaâ€“Volterra_equations}}} 

@misc{what_is_ci, title={What is computational intelligence?}, key={what_is_ci}, howpublished = {\url{https://cis.ieee.org/about/what-is-ci}}, journal={IEEE Computational Intelligence Society}} 

@book{mitchell_1998, place={Cambridge, Mass.}, title={An introduction to genetic algorithms}, publisher={MIT}, author={Mitchell, Melanie}, note = {ISBN: 0262631857}, year={1998}, ISBN={0262631857}}

@misc{reinforcementLearningProblems, author={Arxiv Insights}, Title={An introduction to Reinforcement Learning}, howpublished = {\url{https://www.youtube.com/watch?v=JgvyzIkgxF0}}}

@book{marsland_2015, edition={2}, title={Machine Learning An Algorithmic Perspective}, author={Marsland, Stephen}, year={2015}, note={ISBN: 9781466583337}}

@misc{rlCycle, author={Joe Ward}, title = {The reinforcement learning cycle}, howpublished={\url{https://github.com/Unity-Technologies/ml-agents/blob/main/docs/images/rl_cycle.png}}}

@misc{mlagents_package, title={ML-Agents Toolkit Glossary}, key={ML-Agents_Toolkit_Glossary}, howpublished = {\url{https://github.com/Unity-Technologies/ml-agents/blob/main/docs/Glossary.md}}}

@book{harrisOneHot, title={Digital Design and Computer Architecture, 2nd Edition}, author={Harris, David and Harris, Sarah}}

@article{VALUEVA2020232,
title = {Application of the residue number system to reduce hardware costs of the convolutional neural network implementation},
journal = {Mathematics and Computers in Simulation},
volume = {177},
pages = {232-243},
year = {2020},
issn = {0378-4754},
doi = {https://doi.org/10.1016/j.matcom.2020.04.031},
url = {https://www.sciencedirect.com/science/article/pii/S0378475420301580},
author = {M.V. Valueva and N.N. Nagornov and P.A. Lyakhov and G.V. Valuev and N.I. Chervyakov}}

@article{BHARGAVA1989319,
title = {Generalized Lotka-Volterra equations and the mechanism of technological substitution},
journal = {Technological Forecasting and Social Change},
volume = {35},
number = {4},
pages = {319-326},
year = {1989},
issn = {0040-1625},
doi = {https://doi.org/10.1016/0040-1625(89)90068-1},
url = {https://www.sciencedirect.com/science/article/pii/0040162589900681},
author = {S.C. Bhargava}
}